\begin{thebibliography}{}

@article{CDN,
    title={CDN: Content distribution network},
    author={Peng, Gang},
    journal={arXiv preprint cs/0411069},
    year={2004},
    pages="1"
}

@misc{REACT,
    title={JavaScript Library for Building User Interfaces},
    author={React, A},
    year={2014}
}

@misc{SCALA,
    title={The Scala language specification},
    author={Odersky, Martin and Altherr, Philippe and Cremet, Vincent and Emir, Burak and Micheloud, Stphane and Mihaylov, Nikolay and Schinz, Michel and Stenman, Erik and Zenger, Matthias},
    year={2004}
}


@inproceedings{CURL,
    title = {SQL As Understood By SQLite - Aggregate Functions},
    year = {2014},
    month = {September},
    note = {\url{http://curl.haxx.se/docs/faq.html#What_is_cURL}, accessed 2014-10-08},
    publisher = {SQLite.org},
}

\end{thebibliography}
